%%
%% ---------- header ----------------------------------------------------------
%%
%% project       kaneton
%%
%% license       kaneton
%%
%% file          /home/mycure/kaneton/view/bibliography/bibliography.bib
%%
%% created       julien quintard   [mon may 14 18:55:06 2007]
%% updated       julien quintard   [mon may 14 19:11:22 2007]
%%

@mastersthesis{HILL:ASASNS'00,
  author = {Jason Hill},
  title = {A Software Architecture Supporting Networked Sensors},
  school = {University of California, Berkeley},
  year = {2000},
  annote = {This Thesis presents the Tiny Operating System designed over
            the event-driven programming paradigm. The paper also presents
            the communication scheme Active Message which also follows the
            event-driven paradigm.}
}

@book{TANENBAUM:DOS'95,
  author = {Andrew S. Tanenbaum},
  title = {Distributed Operating Systems},
  year = {1995},
  isbn = {0132199084},
  publisher = {Prentice-Hall, Inc.}
}

@book{TANENBAUM:DSPP'01,
  author = {Andrew S. Tanenbaum and Maarten Van Steen},
  title = {Distributed Systems: Principles and Paradigms},
  year = {2001},
  isbn = {0130888931},
  publisher = {Prentice Hall PTR}
}

@book{BACON:OS'02,
  author = {Jean Bacon and Tim Harris},
  title = {Operating Systems},
  year = {2002},
  isbn = {0321117891},
  publisher = {Pearson Education}
}

@book{BACON:CSAIAOS'93,
  author = {Jean Bacon},
  title = {Concurrent Systems: An Integrated Approach to Operating Systems...},
  year = {1993},
  isbn = {0201416778},
  publisher = {Addison-Wesley Longman Publishing Co., Inc.}
}

@article{DIJKSTRA:SSSDC'74,
  author = {Edsger W. Dijkstra},
  title = {Self-Stabilizing Systems in spite of Distributed Control},
  journal = {Commun. ACM},
  volume = {17},
  number = {11},
  year = {1974},
  issn = {0001-0782},
  pages = {643--644},
  publisher = {ACM Press}
}

@article{SANDHU:RBACM'96,
  author = {Ravi S. Sandhu and Edward J. Coyne and Hal L. Feinstein
            and Charles E. Youman},
  title = {Role-Based Access Control Models},
  journal = {IEEE Computer},
  volume = {29},
  number = {2},
  pages = {38-47},
  year = {1996}
}

@inproceedings{BELOKOSZTOLSZKI:RBACPSMA'03,
  author = {Andras Belokosztolszki and David M. Eyers and Peter R. Pietzuch
            and Jean Bacon and Ken Moody},
  title = {Role-Based Access Control for Publish/Subscribe
           Middleware Architectures},
  booktitle = {DEBS '03: Proceedings of the 2nd international workshop
               on Distributed event-based systems},
  year = {2003},
  isbn = {1581138431},
  pages = {1--8},
  location = {San Diego, California},
  publisher = {ACM Press}
}

@book{INTEL:IA32ASDM1,
  author = {Intel},
  title = {Intel IA-32 Architecture Software Developer's Manual - Volume 1}
}

@book{INTEL:IA32ASDM2,
  author = {Intel},
  title = {Intel IA-32 Architecture Software Developer's Manual - Volume 2}
}

@book{INTEL:IA32ASDM3,
  author = {Intel},
  title = {Intel IA-32 Architecture Software Developer's Manual - Volume 3}
}
